<record><leader>00000cas a22000007a 4500</leader><controlfield tag="001">16644353</controlfield><controlfield tag="008">870904d18991905iauwr ne      0    0eng d</controlfield><datafield ind1=" " ind2=" " tag="010"><subfield code="a">sn 87058481 </subfield></datafield><datafield ind1=" " ind2=" " tag="040"><subfield code="a">INP</subfield><subfield code="b">eng</subfield><subfield code="c">INP</subfield><subfield code="d">OCLCQ</subfield></datafield><datafield ind1=" " ind2=" " tag="042"><subfield code="a">msc</subfield></datafield><datafield ind1="0" ind2=" " tag="130"><subfield code="a">Armstrong Republican (Armstrong, Iowa)</subfield></datafield><datafield ind1="1" ind2="0" tag="245"><subfield code="a">Armstrong Republican.</subfield></datafield><datafield ind1=" " ind2=" " tag="260"><subfield code="a">Armstrong, Emmet County, Iowa :</subfield><subfield code="b">Republican Print. Co.,</subfield><subfield code="c">1899-1905.</subfield></datafield><datafield ind1=" " ind2=" " tag="300"><subfield code="a">7 v.</subfield></datafield><datafield ind1=" " ind2=" " tag="310"><subfield code="a">Weekly</subfield></datafield><datafield ind1="0" ind2=" " tag="362"><subfield code="a">Vol. 2, no. 1 (June 9, 1899)-v. 8, no. 1 (June 1, 1905).</subfield></datafield><datafield ind1=" " ind2=" " tag="752"><subfield code="a">United States</subfield><subfield code="b">Iowa</subfield><subfield code="c">Emmet</subfield><subfield code="d">Armstrong.</subfield></datafield><datafield ind1="0" ind2="0" tag="780"><subfield code="t">Armstrong advocate</subfield><subfield code="w">(DLC)sn 87058480</subfield></datafield><datafield ind1="0" ind2="4" tag="785"><subfield code="t">Armstrong journal</subfield><subfield code="w">(DLC)sn 87057774</subfield></datafield></record>